<record><leader>00000cas a22000007a 4500</leader><controlfield tag="001">18009896</controlfield><controlfield tag="008">880527d1855185upauwr ne      0    0eng d</controlfield><datafield ind1=" " ind2=" " tag="010"><subfield code="a">sn 88079411 </subfield></datafield><datafield ind1=" " ind2=" " tag="040"><subfield code="a">NPH</subfield><subfield code="b">eng</subfield><subfield code="c">NPH</subfield><subfield code="d">OCLCQ</subfield></datafield><datafield ind1=" " ind2=" " tag="042"><subfield code="a">msc</subfield></datafield><datafield ind1="0" ind2=" " tag="130"><subfield code="a">True American (Indiana, Pa.)</subfield></datafield><datafield ind1="1" ind2="4" tag="245"><subfield code="a">The True American.</subfield></datafield><datafield ind1=" " ind2=" " tag="260"><subfield code="a">Indiana, Indiana County, Pa. :</subfield><subfield code="b">G.P. Reed &amp; Wm. M'Claran</subfield></datafield><datafield ind1=" " ind2=" " tag="300"><subfield code="a">v. ;</subfield><subfield code="c">55 cm.</subfield></datafield><datafield ind1=" " ind2=" " tag="310"><subfield code="a">Weekly</subfield></datafield><datafield ind1="1" ind2=" " tag="362"><subfield code="a">Began 1855.</subfield></datafield><datafield ind1=" " ind2=" " tag="500"><subfield code="a">Published every Tuesday morning.</subfield></datafield><datafield ind1=" " ind2=" " tag="588"><subfield code="a">Description based on: Vol. 1, no. 15 (May 8, 1855).</subfield></datafield><datafield ind1=" " ind2=" " tag="752"><subfield code="a">United States</subfield><subfield code="b">Pennsylvania</subfield><subfield code="c">Indiana</subfield><subfield code="d">Indiana.</subfield></datafield><datafield ind1="0" ind2="0" tag="785"><subfield code="t">Indiana true American</subfield><subfield code="w">(DLC)sn 87079944</subfield></datafield></record>